[{"revenue": 66609, "month": "2015-09-30T00:00:00.000", "month_number": 0}, {"revenue": 67048, "month": "2015-10-31T00:00:00.000", "month_number": 1}, {"revenue": 69664, "month": "2015-11-30T00:00:00.000", "month_number": 2}, {"revenue": 72238, "month": "2015-12-31T00:00:00.000", "month_number": 3}, {"revenue": 84721, "month": "2016-01-31T00:00:00.000", "month_number": 4}, {"revenue": 69224, "month": "2016-02-29T00:00:00.000", "month_number": 5}, {"revenue": 58697, "month": "2016-03-31T00:00:00.000", "month_number": 6}, {"revenue": 51430, "month": "2016-04-30T00:00:00.000", "month_number": 7}, {"revenue": 48239, "month": "2016-05-31T00:00:00.000", "month_number": 8}, {"revenue": 50574, "month": "2016-06-30T00:00:00.000", "month_number": 9}, {"revenue": 51707, "month": "2016-07-31T00:00:00.000", "month_number": 10}, {"revenue": 50305, "month": "2016-08-31T00:00:00.000", "month_number": 11}, {"revenue": 45590, "month": "2016-09-30T00:00:00.000", "month_number": 12}, {"revenue": 42180, "month": "2016-10-31T00:00:00.000", "month_number": 13}, {"revenue": 41054, "month": "2016-11-30T00:00:00.000", "month_number": 14}, {"revenue": 56182, "month": "2016-12-31T00:00:00.000", "month_number": 15}, {"revenue": 49965, "month": "2017-01-31T00:00:00.000", "month_number": 16}, {"revenue": 43094, "month": "2017-02-28T00:00:00.000", "month_number": 17}, {"revenue": 44414, "month": "2017-03-31T00:00:00.000", "month_number": 18}, {"revenue": 41393, "month": "2017-04-30T00:00:00.000", "month_number": 19}, {"revenue": 34903, "month": "2017-05-31T00:00:00.000", "month_number": 20}, {"revenue": 39535, "month": "2017-06-30T00:00:00.000", "month_number": 21}, {"revenue": 39627, "month": "2017-07-31T00:00:00.000", "month_number": 22}, {"revenue": 9400, "month": "2017-08-31T00:00:00.000", "month_number": 23}]